\usepackage{url}

@article{staudemeyer2019understanding,
  title={Understanding LSTM--a tutorial into long short-term memory recurrent neural networks},
  author={Staudemeyer, Ralf C and Morris, Eric Rothstein},
  journal={arXiv preprint arXiv:1909.09586},
  year={2019}
}
@article{vaswani2017attention,
  title={Attention is all you need},
  author={Vaswani, Ashish and Shazeer, Noam and Parmar, Niki and Uszkoreit, Jakob and Jones, Llion and Gomez, Aidan N and Kaiser, {\L}ukasz and Polosukhin, Illia},
  journal={Advances in neural information processing systems},
  volume={30},
  year={2017}
}
@article{sinha2018extractive,
  title={Extractive text summarization using neural networks},
  author={Sinha, Aakash and Yadav, Abhishek and Gahlot, Akshay},
  journal={arXiv preprint arXiv:1802.10137},
  year={2018}
}
@inproceedings{vu2016bi,
  title={Bi-directional recurrent neural network with ranking loss for spoken language understanding},
  author={Vu, Ngoc Thang and Gupta, Pankaj and Adel, Heike and Sch{\"u}tze, Hinrich},
  booktitle={2016 IEEE International Conference on Acoustics, Speech and Signal Processing (ICASSP)},
  pages={6060--6064},
  year={2016},
  organization={IEEE}
}
@article{schuster1997bidirectional,
  title={Bidirectional recurrent neural networks},
  author={Schuster, Mike and Paliwal, Kuldip K},
  journal={IEEE transactions on Signal Processing},
  volume={45},
  number={11},
  pages={2673--2681},
  year={1997},
  publisher={Ieee}
}
@article{hochreiter1997long,
  title={Long short-term memory},
  author={Hochreiter, Sepp and Schmidhuber, J{\"u}rgen},
  journal={Neural computation},
  volume={9},
  number={8},
  pages={1735--1780},
  year={1997},
  publisher={MIT Press}
}
@article{gers2000learning,
  title={Learning to forget: Continual prediction with LSTM},
  author={Gers, Felix A and Schmidhuber, J{\"u}rgen and Cummins, Fred},
  journal={Neural computation},
  volume={12},
  number={10},
  pages={2451--2471},
  year={2000},
  publisher={MIT Press}
}
@article{sutskever2014sequence,
  title={Sequence to sequence learning with neural networks},
  author={Sutskever, Ilya and Vinyals, Oriol and Le, Quoc V},
  journal={Advances in neural information processing systems},
  volume={27},
  year={2014}
}
@inproceedings{vinyals2015show,
  title={Show and tell: A neural image caption generator},
  author={Vinyals, Oriol and Toshev, Alexander and Bengio, Samy and Erhan, Dumitru},
  booktitle={Proceedings of the IEEE conference on computer vision and pattern recognition},
  pages={3156--3164},
  year={2015}
}
@inproceedings{mcauley2013amateurs,
  title={From amateurs to connoisseurs: modeling the evolution of user expertise through online reviews},
  author={McAuley, Julian John and Leskovec, Jure},
  booktitle={Proceedings of the 22nd international conference on World Wide Web},
  pages={897--908},
  year={2013}
}
@article{bahdanau2014neural,
  title={Neural machine translation by jointly learning to align and translate},
  author={Bahdanau, Dzmitry and Cho, Kyunghyun and Bengio, Yoshua},
  journal={arXiv preprint arXiv:1409.0473},
  year={2014}
}
@MISC{unknown,
author = {unknown},
title = {Contraction List},
month = November,
year = {2013},
howpublished={\url{https://stackoverflow.com/questions/19790188/expanding-english-language-contractions-in-python}}
}


